@Article{ziv77:uni,
  author = 	 {Ziv, J. and Lempel, A.},
  title = 	 {A universal algorithm for sequential data compression},
  journal = 	 {IEE Transactions on Information Theory},
  year = 	 1977,
  key = 	 1053,
  volume = 	 {IT-23},
  pages = 	 {337--343}}
                  
@INPROCEEDINGS{cro08:sim,
author={Crochemore, M. and Ilie, L. and Smyth, W.F.},
booktitle={Data Compression Conference, 2008. DCC 2008},
title={A Simple Algorithm for Computing the Lempel-Ziv Factorization},
year={2008},
key = 1306,
pages={482-488},
doi={10.1109/DCC.2008.36},
ISSN={1068-0314},}

@Article{pir19:hig,
  author = 	 {Pirogov, A. and Pfaffelhuber, P. and B\"orsch-Haubold, A. G. and Haubold, B.},
  title = 	 {High-complexity regions in mammalian genomes are enriched for developmental genes},
  journal = {Bioinformatics},
  volume = 35,
  year = 2019,
  pages = {1813--1819}
}
